<?xml version="1.0" encoding="UTF-8" ?>
<collection xmlns:xsi="http://www.w3.org/2001/XMLSchema-instance" xsi:schemaLocation="http://www.loc.gov/MARC21/slim http://www.loc.gov/standards/marcxml/schema/MARC21slim.xsd" xmlns="http://www.loc.gov/MARC21/slim">
   <record>
      <leader>     mam a22      a 4500</leader>
      <controlfield tag="001">1919732</controlfield>
      <controlfield tag="003">NIC</controlfield>
      <controlfield tag="005">20131119175012.0</controlfield>
      <controlfield tag="008">870128s1907    ua       b    ||| | ara d</controlfield>
      <datafield tag="035" ind1=" " ind2=" ">
         <subfield code="a">(NIC)notisAJY3021</subfield>
      </datafield>
      <datafield tag="035" ind1=" " ind2=" ">
         <subfield code="a">(OCoLC)33994334</subfield>
      </datafield>
      <datafield tag="035" ind1=" " ind2=" ">
         <subfield code="a">1919732</subfield>
      </datafield>
      <datafield tag="040" ind1=" " ind2=" ">
         <subfield code="a">NIC</subfield>
         <subfield code="c">NIC</subfield>
      </datafield>
      <datafield tag="100" ind1="1" ind2=" ">
         <subfield code="a">Ibn Rashīq al-Qayrawānī, al-Ḥasan,</subfield>
         <subfield code="d">-1064?</subfield>
      </datafield>
      <datafield tag="245" ind1="1" ind2="3">
         <subfield code="a">al-ʻUmdah fī ṣināʻat al-shiʻr wa-naqdih /</subfield>
         <subfield code="c">taʼlīf Abī ʻAlī al-Ḥasan ibn Rashīq al-Qayrawānī ; ʻuniya bi-taṣḥīḥih Muḥammad Badr al-Dīn al-Naʻsānī al-Ḥalabī.</subfield>
      </datafield>
      <datafield tag="250" ind1=" " ind2=" ">
         <subfield code="a">al-Ṭabʻah 1.</subfield>
      </datafield>
      <datafield tag="260" ind1=" " ind2=" ">
         <subfield code="a">[Cairo] :</subfield>
         <subfield code="b">Maṭbaʻat al-Saʻādah,</subfield>
         <subfield code="c">1907.</subfield>
      </datafield>
      <datafield tag="300" ind1=" " ind2=" ">
         <subfield code="a">2 v. in 1 ;</subfield>
         <subfield code="c">24 cm.</subfield>
      </datafield>
      <datafield tag="504" ind1=" " ind2=" ">
         <subfield code="a">Includes bibliographical references.</subfield>
      </datafield>
      <datafield tag="650" ind1=" " ind2="0">
         <subfield code="a">Arabic poetry</subfield>
         <subfield code="x">History and criticism</subfield>
         <subfield code="x">Early works to 1800.</subfield>
      </datafield>
      <datafield tag="903" ind1=" " ind2=" ">
         <subfield code="a">Google</subfield>
         <subfield code="d">20120619</subfield>
         <subfield code="p">31924068105356</subfield>
      </datafield>
      <datafield tag="903" ind1=" " ind2=" ">
         <subfield code="a">NYUACO</subfield>
         <subfield code="d">20131119</subfield>
         <subfield code="p">31924068105356</subfield>
      </datafield>
      <datafield tag="905" ind1=" " ind2=" ">
         <subfield code="a">19930809120000.0</subfield>
      </datafield>
      <datafield tag="948" ind1="2" ind2=" ">
         <subfield code="a">20100407</subfield>
         <subfield code="b">m</subfield>
         <subfield code="d">batch</subfield>
         <subfield code="e">lts</subfield>
         <subfield code="x">del9XXtxt</subfield>
      </datafield>
      <datafield tag="952" ind1=" " ind2=" ">
         <subfield code="b">olin</subfield>
         <subfield code="h">PJ7541.I137</subfield>
         <subfield code="i">U48 1907</subfield>
      </datafield>
      <datafield tag="995" ind1=" " ind2=" ">
         <subfield code="a">Hivolm</subfield>
         <subfield code="d">20100407</subfield>
      </datafield>
      <datafield tag="903" ind1=" " ind2=" ">
         <subfield code="a">NYUACO</subfield>
         <subfield code="d">20140402</subfield>
         <subfield code="p">31924068105356</subfield>
      </datafield>
      <datafield tag="950" ind1=" " ind2=" ">
         <subfield code="a">PJ7541.I137</subfield>
         <subfield code="b">U48 1907</subfield>
         <subfield code="v"> </subfield>
      </datafield>
   </record>
</collection>
